<?xml version="1.0" encoding="UTF-8"?><record xmlns="http://www.loc.gov/MARC21/slim" xmlns:cinclude="http://apache.org/cocoon/include/1.0" xmlns:zs="http://www.loc.gov/zing/srw/">
  <leader>00606cz  a2200145n  4500</leader>
  <controlfield tag="001">n  91117693 </controlfield>
  <controlfield tag="003">DLC</controlfield>
  <controlfield tag="005">20130316090430.0</controlfield>
  <controlfield tag="008">911119n| azannaab           |a aaa      </controlfield>
  <datafield tag="010" ind1=" " ind2=" ">
    <subfield code="a">n  91117693 </subfield>
  </datafield>
  <datafield tag="040" ind1=" " ind2=" ">
    <subfield code="a">DLC</subfield>
    <subfield code="b">eng</subfield>
    <subfield code="e">rda</subfield>
    <subfield code="c">DLC</subfield>
    <subfield code="d">DLC</subfield>
  </datafield>
  <datafield tag="046" ind1=" " ind2=" ">
    <subfield code="f">1725</subfield>
    <subfield code="g">1812~</subfield>
    <subfield code="2">edtf</subfield>
  </datafield>
  <datafield tag="100" ind1="1" ind2=" ">
    <subfield code="a">West, Samuel,</subfield>
    <subfield code="d">1725-approximately 1812</subfield>
  </datafield>
  <datafield tag="400" ind1="1" ind2=" ">
    <subfield code="w">nnea</subfield>
    <subfield code="a">West, Samuel,</subfield>
    <subfield code="d">1725-ca. 1812</subfield>
  </datafield>
  <datafield tag="670" ind1=" " ind2=" ">
    <subfield code="a">NUCMC data from Old Dartmouth Historical Society Whaling Museum Library for West family. Papers, ca. 1643-1893</subfield>
    <subfield code="b">(Samuel West; 1725-ca. 1812; landowner with mercantile interests; of Fairhaven, Mass.; grandson of Stephen (1654-1748))</subfield>
  </datafield>
</record>